101 02100002101234567892603011200A094101TEST BANK              TEST COMPANY                   
5200TEST COMPANY                        1234567890PPDPAYROLL   260301260302   1021000020000001
622021000021123456789012345  0000100000ID0001         JOHN DOE                1021000020000001
705INVOICE 12345 PAYMENT                                                           00010000001
622031000002987654321098765  0000050000ID0002         JANE SMITH              0021000020000002
820000000300052000020000000000000000001500001234567890                         021000020000001
9000001000001000000030005200002000000000000000000150000                                       
